<collection xmlns="http://www.loc.gov/MARC21/slim">
<record>
  <leader>00807nam0a2200217 i 450 </leader>
  <controlfield tag="001">IT\ICCU\CNCE\011875</controlfield>
  <controlfield tag="005">20070517000000.0</controlfield>
  <datafield tag="012" ind1=" " ind2=" ">
    <subfield code="a">dore r-m+ n.u- tula (3) 1523 (A)</subfield>
    <subfield code="2">fei</subfield>
  </datafield>
  <datafield tag="100" ind1=" " ind2=" ">
    <subfield code="a">19970101d1523        0itac0103    ba</subfield>
  </datafield>
  <datafield tag="101" ind1=" " ind2=" ">
    <subfield code="a">LAT</subfield>
  </datafield>
  <datafield tag="102" ind1=" " ind2=" ">
    <subfield code="a">IT</subfield>
  </datafield>
  <datafield tag="200" ind1="1" ind2=" ">
    <subfield code="a">Psalterium chorale Sancte Romane Ecclesie: una cum hymnario</subfield>
  </datafield>
  <datafield tag="210" ind1=" " ind2=" ">
    <subfield code="a">Venetiis</subfield>
    <subfield code="c">in edibus Petri Liechtenstein</subfield>
    <subfield code="d">1523</subfield>
  </datafield>
  <datafield tag="215" ind1=" " ind2=" ">
    <subfield code="a">170 c.</subfield>
    <subfield code="c">ill.</subfield>
    <subfield code="d">fol</subfield>
  </datafield>
  <datafield tag="500" ind1="1" ind2="0">
    <subfield code="3">IT\ICCU\CNCE\030347</subfield>
    <subfield code="a">Psalterium</subfield>
  </datafield>
  <datafield tag="620" ind1=" " ind2=" ">
    <subfield code="a">IT</subfield>
    <subfield code="d">Venezia</subfield>
  </datafield>
  <datafield tag="710" ind1="0" ind2="2">
    <subfield code="a">Chiesa cattolica</subfield>
    <subfield code="3">6731</subfield>
  </datafield>
  <datafield tag="712" ind1="0" ind2="0">
    <subfield code="a">Liechtenstein, Peter</subfield>
    <subfield code="3">IT\ICCU\CNCT\000403</subfield>
    <subfield code="4">650</subfield>
  </datafield>
  <datafield tag="791" ind1="0" ind2="0">
    <subfield code="a">Lucidus Lapis, Petrus</subfield>
    <subfield code="3">IT\ICCU\CNCT\004962</subfield>
    <subfield code="z">Liechtenstein, Peter</subfield>
  </datafield>
  <datafield tag="801" ind1=" " ind2="3">
    <subfield code="a">IT</subfield>
    <subfield code="b">ICCU</subfield>
    <subfield code="c">20201113</subfield>
  </datafield>
  <datafield tag="899" ind1=" " ind2=" ">
    <subfield code="a">Biblioteca del Castello del Buonconsiglio. Fondo Laurence Feininger. Trento</subfield>
    <subfield code="1">TN0212</subfield>
    <subfield code="2">ZTN 13</subfield>
  </datafield>
</record>
</collection>
